<record><leader>00000cas a22000007a 4500</leader><controlfield tag="001">9124475</controlfield><controlfield tag="008">830113d18851885ksudn ne      0    0eng  </controlfield><controlfield tag="009">466</controlfield><datafield ind1=" " ind2=" " tag="010"><subfield code="a">sn 82016010 </subfield></datafield><datafield ind1=" " ind2=" " tag="040"><subfield code="a">DLC</subfield><subfield code="b">eng</subfield><subfield code="c">DLC</subfield><subfield code="d">NPT</subfield><subfield code="d">DLC</subfield></datafield><datafield ind1="1" ind2=" " tag="029"><subfield code="a">AU@</subfield><subfield code="b">000025836260</subfield></datafield><datafield ind1=" " ind2=" " tag="042"><subfield code="a">msc</subfield></datafield><datafield ind1="0" ind2="0" tag="050"><subfield code="a">Newspaper</subfield></datafield><datafield ind1="0" ind2=" " tag="130"><subfield code="a">Kansas State journal (Topeka, Kan. : Daily)</subfield></datafield><datafield ind1="0" ind2="0" tag="245"><subfield code="a">Kansas State journal.</subfield></datafield><datafield ind1=" " ind2=" " tag="260"><subfield code="a">Topeka, Kan. :</subfield><subfield code="b">Frank P. MacLennan,</subfield><subfield code="c">1885.</subfield></datafield><datafield ind1=" " ind2=" " tag="300"><subfield code="a">1 v. ;</subfield><subfield code="c">66 cm.</subfield></datafield><datafield ind1=" " ind2=" " tag="310"><subfield code="a">Daily (except Sunday)</subfield></datafield><datafield ind1="0" ind2=" " tag="362"><subfield code="a">Vol. 13, no. 257 (Nov. 2, 1885)-v. 13, no. 278 (Nov. 26, 1885).</subfield></datafield><datafield ind1=" " ind2=" " tag="500"><subfield code="a">"Indepedent Republican."</subfield></datafield><datafield ind1=" " ind2=" " tag="530"><subfield code="a">Also available on microfilm from Micro Photo Division, Bell &amp; Howell Co.</subfield></datafield><datafield ind1=" " ind2=" " tag="580"><subfield code="a">Also issued in a weekly edition called: Kansas State journal (Topeka, Kan. : Weekly).</subfield></datafield><datafield ind1=" " ind2=" " tag="752"><subfield code="a">United States</subfield><subfield code="b">Kansas</subfield><subfield code="c">Shawnee</subfield><subfield code="d">Topeka.</subfield></datafield><datafield ind1="1" ind2=" " tag="775"><subfield code="t">Kansas State journal (Topeka, Kan. : Weekly)</subfield><subfield code="w">(DLC)sn 85032050</subfield></datafield><datafield ind1="0" ind2="0" tag="780"><subfield code="t">Topeka daily journal</subfield><subfield code="w">(DLC)sn 82016016</subfield></datafield><datafield ind1="0" ind2="0" tag="785"><subfield code="t">Kansas daily State journal</subfield><subfield code="w">(DLC)sn 85067021</subfield></datafield></record>